<?xml version="1.0" encoding="UTF-8"?>
<SOAP-ENV:Envelope xmlns:SOAP-ENV="http://schemas.xmlsoap.org/soap/envelope/" xmlns:of="http://oss.dbc.dk/ns/openformat" xmlns:ofo="http://oss.dbc.dk/ns/openformatoutput"><SOAP-ENV:Body><of:formatResponse><marc21><mx:record xmlns:mx="http://www.loc.gov/MARC21/slim" format="MARC21" type="Bibliographic"><mx:leader>00000nam a22000000c 4500</mx:leader><mx:controlfield tag="008">011010r20042001dk |||||      00||| dan|d</mx:controlfield><mx:datafield ind1=" " ind2=" " tag="020"><mx:subfield code="a">8700490385</mx:subfield><mx:subfield code="c">kr. 499,00</mx:subfield></mx:datafield><mx:datafield ind1="1" ind2=" " tag="029"><mx:subfield code="a">DKDLA</mx:subfield><mx:subfield code="b">870970-basis:23718847</mx:subfield></mx:datafield><mx:datafield ind1=" " ind2=" " tag="040"><mx:subfield code="a">DKDLA</mx:subfield><mx:subfield code="b">dan</mx:subfield><mx:subfield code="c">DKDLA</mx:subfield></mx:datafield><mx:datafield ind1=" " ind2=" " tag="084"><mx:subfield code="a">91.15</mx:subfield><mx:subfield code="2">z</mx:subfield></mx:datafield><mx:datafield ind1="1" ind2=" " tag="100"><mx:subfield code="a">Jensen, Jørgen,</mx:subfield><mx:subfield code="d">f. 1936-07-30</mx:subfield></mx:datafield><mx:datafield ind1="1" ind2="0" tag="245"><mx:subfield code="a">Danmarks oldtid:</mx:subfield><mx:subfield code="b">Stenalder 13.000-2.000 f.Kr./</mx:subfield><mx:subfield code="c">Jørgen Jensen ; temabilleder: fotos af Kirsten Klein ; billedredaktion: Jørgen Jensen ; korttegning: Truels Kort</mx:subfield></mx:datafield><mx:datafield ind1=" " ind2=" " tag="250"><mx:subfield code="a">1. udgave, 3. oplag</mx:subfield></mx:datafield><mx:datafield ind1=" " ind2=" " tag="260"><mx:subfield code="c">2004</mx:subfield></mx:datafield><mx:datafield ind1=" " ind2=" " tag="300"><mx:subfield code="a">619 sider</mx:subfield></mx:datafield><mx:datafield ind1=" " ind2=" " tag="300"><mx:subfield code="a">4 bind :</mx:subfield><mx:subfield code="b">ill. (nogle i farver) ;</mx:subfield><mx:subfield code="c">28 cm</mx:subfield></mx:datafield><mx:datafield ind1=" " ind2=" " tag="500"><mx:subfield code="a">Tidligere: 1. udgave. 2001</mx:subfield></mx:datafield><mx:datafield ind1=" " ind2=" " tag="901"><mx:subfield code="a">936</mx:subfield></mx:datafield></mx:record><hs activity="insert">DKDLA</hs><hs activity="insert">DKB</hs></marc21></of:formatResponse></SOAP-ENV:Body></SOAP-ENV:Envelope>
